<record><leader>00000cas a22000007a 4500</leader><controlfield tag="001">16812223</controlfield><controlfield tag="008">871005d19631972paumr ne      0    0eng d</controlfield><datafield ind1=" " ind2=" " tag="010"><subfield code="a">sn 88079285 </subfield></datafield><datafield ind1=" " ind2=" " tag="040"><subfield code="a">NPH</subfield><subfield code="b">eng</subfield><subfield code="c">NPH</subfield><subfield code="d">CNW</subfield><subfield code="d">OCLCQ</subfield><subfield code="d">PHA</subfield><subfield code="d">OCLCQ</subfield><subfield code="d">OCLCF</subfield><subfield code="d">OCLCO</subfield></datafield><datafield ind1="1" ind2=" " tag="029"><subfield code="a">AU@</subfield><subfield code="b">000025788680</subfield></datafield><datafield ind1=" " ind2=" " tag="042"><subfield code="a">msc</subfield></datafield><datafield ind1=" " ind2=" " tag="043"><subfield code="a">n-us---</subfield></datafield><datafield ind1="0" ind2=" " tag="130"><subfield code="a">Polish-American journal (Scranton, Pa. : Polish Union of U.S.A. ed.)</subfield></datafield><datafield ind1="1" ind2="0" tag="245"><subfield code="a">Polish-American journal.</subfield></datafield><datafield ind1=" " ind2=" " tag="250"><subfield code="a">[Polish Union of U.S.A. ed.].</subfield></datafield><datafield ind1=" " ind2=" " tag="260"><subfield code="a">Scranton, Pa. :</subfield><subfield code="b">Dende Press,</subfield><subfield code="c">1963-</subfield></datafield><datafield ind1=" " ind2=" " tag="300"><subfield code="a">v. :</subfield><subfield code="b">ill. ;</subfield><subfield code="c">38 cm.</subfield></datafield><datafield ind1=" " ind2=" " tag="310"><subfield code="a">Monthly</subfield></datafield><datafield ind1="0" ind2=" " tag="362"><subfield code="a">Vol. 52, no. 1 (Jan. 1963)-</subfield></datafield><datafield ind1="1" ind2=" " tag="362"><subfield code="a">Ceased in 1972.</subfield></datafield><datafield ind1=" " ind2=" " tag="500"><subfield code="a">Editor: Henry J. Dende.</subfield></datafield><datafield ind1=" " ind2=" " tag="500"><subfield code="a">Headquarters of the Polish Union of U.S.A. located in Wilkes-Barre, Pa.</subfield></datafield><datafield ind1=" " ind2=" " tag="515"><subfield code="a">Numbering is irregular.</subfield></datafield><datafield ind1="8" ind2=" " tag="521"><subfield code="a">"Serving the interests of Americans of Polish descent."</subfield></datafield><datafield ind1=" " ind2=" " tag="550"><subfield code="a">Official newspaper of the Polish Union of the U.S. of N.A.</subfield></datafield><datafield ind1=" " ind2=" " tag="580"><subfield code="a">Published in several other eds., 1963-1972.</subfield></datafield><datafield ind1=" " ind2="0" tag="650"><subfield code="a">Polish people</subfield><subfield code="z">United States</subfield><subfield code="v">Newspapers.</subfield></datafield><datafield ind1=" " ind2="0" tag="650"><subfield code="a">Polish Americans</subfield><subfield code="v">Newspapers.</subfield></datafield><datafield ind1=" " ind2="4" tag="651"><subfield code="a">Scranton (Pa.)</subfield><subfield code="v">Newspapers.</subfield></datafield><datafield ind1=" " ind2="4" tag="651"><subfield code="a">Wilkes-Barre (Pa.)</subfield><subfield code="v">Newspapers.</subfield></datafield><datafield ind1=" " ind2="7" tag="655"><subfield code="a">Newspapers.</subfield><subfield code="2">fast</subfield><subfield code="0">(OCoLC)fst01423814</subfield></datafield><datafield ind1=" " ind2="7" tag="650"><subfield code="a">Polish Americans.</subfield><subfield code="2">fast</subfield><subfield code="0">(OCoLC)fst01068870</subfield></datafield><datafield ind1=" " ind2="7" tag="650"><subfield code="a">Polish people.</subfield><subfield code="2">fast</subfield><subfield code="0">(OCoLC)fst01715992</subfield></datafield><datafield ind1=" " ind2="7" tag="651"><subfield code="a">United States.</subfield><subfield code="2">fast</subfield><subfield code="0">(OCoLC)fst01204155</subfield></datafield><datafield ind1="2" ind2=" " tag="710"><subfield code="a">Polish Union of U.S.A.</subfield></datafield><datafield ind1=" " ind2=" " tag="752"><subfield code="a">United States</subfield><subfield code="b">Pennsylvania</subfield><subfield code="c">Lackawanna</subfield><subfield code="d">Scranton.</subfield></datafield><datafield ind1="1" ind2=" " tag="775"><subfield code="t">Polish-American journal (Scranton, Pa. : Polish Beneficial Association (U.S.) ed.)</subfield><subfield code="w">(DLC)sn 85038426</subfield><subfield code="w">(OCoLC)2266313</subfield></datafield><datafield ind1="1" ind2=" " tag="775"><subfield code="t">Polish American journal (Scranton, Pa. : 1948)</subfield><subfield code="w">(DLC)sn 87078594</subfield><subfield code="w">(OCoLC)16775044</subfield></datafield><datafield ind1="1" ind2=" " tag="775"><subfield code="t">Polish American journal (Scranton, Pa. : Chicago ed.)</subfield><subfield code="w">(DLC)sn 87078593</subfield><subfield code="w">(OCoLC)16785330</subfield></datafield><datafield ind1="0" ind2="0" tag="785"><subfield code="t">Pol Am journal (Scranton, Pa. : Polish Union of U.S.A. ed.)</subfield><subfield code="w">(DLC)sn 84006854</subfield></datafield></record>